@Article{tolle2019charged,
  title={Charged-cell periodic DFT simulations via an impurity model based on density embedding: Application to the ionization potential of liquid water},
  author={T{\"o}lle, Johannes and Severo Pereira Gomes, Andr{\'e} and Ramos, Pablo and Pavanello, Michele},
  journal={International Journal of Quantum Chemistry},
  volume={119},
  number={1},
  pages={e25801},
  year={2019},
  publisher={Wiley Online Library}
}
@article{purvis1976transition,
	title={The transition state, the electron propagator, and the equation of of motion method},
	author={Purvis, George D and {\"O}hrn, Yngve},
	journal={The Journal of Chemical Physics},
	volume={65},
	number={3},
	pages={917--922},
	year={1976},
	publisher={American Institute of Physics}
}
@article{tsuzuki2000effects,
	title={Effects of the higher electron correlation correction on the calculated intermolecular interaction energies of benzene and naphthalene dimers: comparison between MP2 and CCSD (T) calculations},
	author={Tsuzuki, Seiji and Uchimaru, Tadafumi and Matsumura, Kazunari and Mikami, Masuhiro and Tanabe, Kazutoshi},
	journal={Chemical Physics Letters},
	volume={319},
	number={5-6},
	pages={547--554},
	year={2000},
	publisher={Elsevier}
}
@article{feller1992application,
	title={Application of systematic sequences of wave functions to the water dimer},
	author={Feller, David},
	journal={The Journal of chemical physics},
	volume={96},
	number={8},
	pages={6104--6114},
	year={1992},
	publisher={American Institute of Physics}
}
@article{wesolowski1994ab,
	title={Ab initio free energy perturbation calculations of solvation free energy using the frozen density functional approach},
	author={Wesolowski, T and Warshel, Arieh},
	journal={The Journal of Physical Chemistry},
	volume={98},
	number={20},
	pages={5183--5187},
	year={1994},
	publisher={ACS Publications}
}
@incollection{townsend2019post,
	title={Post-Hartree-Fock methods: configuration interaction, many-body perturbation theory, coupled-cluster theory},
	author={Townsend, Jacob and Kirkland, Justin K and Vogiatzis, Konstantinos D},
	booktitle={Mathematical Physics in Theoretical Chemistry},
	pages={63--117},
	year={2019},
	publisher={Elsevier}
}
@Article{martyna1999reciprocal,
  title={A reciprocal space based method for treating long range interactions in ab initio and force-field-based calculations in clusters},
  author={Martyna, Glenn J and Tuckerman, Mark E},
  journal={The Journal of chemical physics},
  volume={110},
  number={6},
  pages={2810--2821},
  year={1999},
  publisher={American Institute of Physics}
}

@Article{genova2017eqe,
  title={eQE: An open-source density functional embedding theory code for the condensed phase},
  author={Genova, Alessandro and Ceresoli, Davide and Krishtal, Alisa and Andreussi, Oliviero and DiStasio Jr, Robert A and Pavanello, Michele},
  journal={International Journal of Quantum Chemistry},
  volume={117},
  number={16},
  pages={e25401},
  year={2017},
  publisher={Wiley Online Library}
}
@Misc{PYSCF,
	title = {{PySCF: the Python-based simulations of chemistry framework}},
	author = {Qiming Sun and Timothy C. Berkelbach and Nick S. Blunt and George H. Booth and Sheng Guo and Zhendong Li and Junzi Liu and James D. McClain and Elvira R. Sayfutyarova and Sandeep Sharma and Sebastian Wouters and Garnet Kin-Lic Chan},
	year = {2017},
	journal = {Wiley Interdisciplinary Reviews: Computational Molecular Science},
	volume = {8},
	number = {1},
	pages = {e1340},
	doi = {10.1002/wcms.1340},
	url = {https://onlinelibrary.wiley.com/doi/abs/10.1002/wcms.1340},
	eprint = {https://onlinelibrary.wiley.com/doi/pdf/10.1002/wcms.1340},
}
@misc{unsleber2018serenity,
	title={Serenity: a subsystem quantum chemistry program},
	author={Unsleber, Jan P and Dresselhaus, Thomas and Klahr, Kevin and Schnieders, David and B{\"o}ckers, Michael and Barton, Dennis and Neugebauer, Johannes},
	year={2018},
	publisher={Wiley Online Library}
}
@Article{dal2014pseudopotentials,
  title={Pseudopotentials periodic table: From H to Pu},
  author={Dal Corso, Andrea},
  journal={Computational Materials Science},
  volume={95},
  pages={337--350},
  year={2014},
  publisher={Elsevier}
}

@Article{te2001chemistry,
  title={Chemistry with ADF},
  author={Te Velde, G t and Bickelhaupt, F Matthias and Baerends, Evert Jan and Fonseca Guerra, C and van Gisbergen, Stan JA and Snijders, Jaap G and Ziegler, Tom},
  journal={Journal of Computational Chemistry},
  volume={22},
  number={9},
  pages={931--967},
  year={2001},
  publisher={Wiley Online Library}
}

@Article{saue2020dirac,
  title={The DIRAC code for relativistic molecular calculations},
  author={Saue, Trond and Bast, Radovan and Gomes, Andr{\'e} Severo Pereira and Jensen, Hans J{\o}rgen Aa and Visscher, Lucas and Aucar, Ignacio Agust{\'\i}n and Di Remigio, Roberto and Dyall, Kenneth G and Eliav, Ephraim and Fasshauer, Elke and others},
  journal={The Journal of Chemical Physics},
  volume={152},
  number={20},
  pages={204104},
  year={2020},
  publisher={AIP Publishing LLC}
}

@Article{bagus1965self,
  title={Self-consistent-field wave functions for hole states of some Ne-like and Ar-like ions},
  author={Bagus, Paul S},
  journal={Physical Review},
  volume={139},
  number={3A},
  pages={A619},
  year={1965},
  publisher={APS},
}

@Article{waskom2017mwaskom,
  title={mwaskom/seaborn: v0. 8.1 (September 2017)},
  author={Waskom, Michael and Botvinnik, Olga and O'Kane, Drew and Hobson, Paul and Lukauskas, Saulius and Gemperline, David C and Augspurger, Tom and Halchenko, Y and Cole, JB and Warmenhoven, J and others},
  journal={Zenodo, doi},
  volume={10},
  year={2017}
}

@article{krishtal2015subsystem,
  title={Subsystem density-functional theory as an effective tool for modeling ground and excited states, their dynamics and many-body interactions},
  author={Krishtal, Alisa and Sinha, Debalina and Genova, Alessandro and Pavanello, Michele},
  journal={Journal of Physics: Condensed Matter},
  volume={27},
  number={18},
  pages={183202},
  year={2015},
  publisher={IOP Publishing}
}
@article{gaiduk2018electron,
  title={Electron affinity of liquid water},
  author={Gaiduk, Alex P and Pham, Tuan Anh and Govoni, Marco and Paesani, Francesco and Galli, Giulia},
  journal={Nature communications},
  volume={9},
  number={1},
  pages={1--6},
  year={2018},
  publisher={Nature Publishing Group}
}
@article{gaiduk2016photoelectron,
  title={Photoelectron spectra of aqueous solutions from first principles},
  author={Gaiduk, Alex P and Govoni, Marco and Seidel, Robert and Skone, Jonathan H and Winter, Bernd and Galli, Giulia},
  journal={Journal of the American Chemical Society},
  volume={138},
  number={22},
  pages={6912--6915},
  year={2016},
  publisher={ACS Publications}
}
@article{seidel2016valence,
  title={Valence electronic structure of aqueous solutions: Insights from photoelectron spectroscopy},
  author={Seidel, Robert and Winter, Bernd and Bradforth, Stephen E},
  journal={Annual review of physical chemistry},
  volume={67},
  pages={283--305},
  year={2016},
  publisher={Annual Reviews}
}
@article{ambrosio2017electronic,
  title={Electronic levels of excess electrons in liquid water},
  author={Ambrosio, Francesco and Miceli, Giacomo and Pasquarello, Alfredo},
  journal={The Journal of Physical Chemistry Letters},
  volume={8},
  number={9},
  pages={2055--2059},
  year={2017},
  publisher={ACS Publications}
}
@article{ziaei2018probing,
  title={Probing ionization potential, electron affinity and self-energy effect on the spectral shape and exciton binding energy of quantum liquid water with self-consistent many-body perturbation theory and the Bethe--Salpeter equation},
  author={Ziaei, Vafa and Bredow, Thomas},
  journal={Journal of Physics: Condensed Matter},
  volume={30},
  number={21},
  pages={215502},
  year={2018},
  publisher={IOP Publishing}
}
@article{wesolowski2015frozen,
  title={Frozen-density embedding strategy for multilevel simulations of electronic structure},
  author={Wesolowski, Tomasz A and Shedge, Sapana and Zhou, Xiuwen},
  journal={Chemical reviews},
  volume={115},
  number={12},
  pages={5891--5928},
  year={2015},
  publisher={ACS Publications}
}
@book{martin2004electronic,
  title={Electronic structure: basic theory and practical methods},
  author={Martin, Richard M and Martin, Richard Milton},
  year={2004},
  publisher={Cambridge university press}
}
@misc{corso2014comput,
  title={Comput Mater Sci 95: 337},
  author={Corso, AD},
  year={2014}
}
@article{perdew1996phys,
  title={Phys rev lett 77: 3865},
  author={Perdew, John P and Burke, Kieron and Ernzerhof, Matthias},
  journal={Errata:(1997) Phys Rev Lett},
  volume={78},
  pages={1396},
  year={1996}
}
@article{laricchia2011generalized,
  title={Generalized gradient approximations of the noninteracting kinetic energy from the semiclassical atom theory: Rationalization of the accuracy of the frozen density embedding theory for nonbonded interactions},
  author={Laricchia, S and Fabiano, E and Constantin, LA and Della Sala, F},
  journal={Journal of chemical theory and computation},
  volume={7},
  number={8},
  pages={2439--2451},
  year={2011},
  publisher={ACS Publications}
}
@article{noga1987full,
	title={The full CCSDT model for molecular electronic structure},
	author={Noga, Jozef and Bartlett, Rodney J},
	journal={The Journal of chemical physics},
	volume={86},
	number={12},
	pages={7041--7050},
	year={1987},
	publisher={American Institute of Physics}
}
@article{genova2016avoiding,
  title={Avoiding fractional electrons in subsystem DFT based ab-initio molecular dynamics yields accurate models for liquid water and solvated OH radical},
  author={Genova, Alessandro and Ceresoli, Davide and Pavanello, Michele},
  journal={The Journal of chemical physics},
  volume={144},
  number={23},
  pages={234105},
  year={2016},
  publisher={AIP Publishing LLC}
}
@article{genova2017cooperation,
  title={Cooperation and Environment Characterize the Low-Lying Optical Spectrum of Liquid Water.},
  author={Genova, Alessandro and Pavanello, Michele and others},
  journal={The journal of physical chemistry letters},
  volume={8},
  number={20},
  pages={5077--5083},
  year={2017}
}
@article{kevorkyants2013calculating,
  title={Calculating hyperfine couplings in large ionic crystals containing hundreds of QM atoms: subsystem DFT is the key},
  author={Kevorkyants, Ruslan and Wang, Xiqiao and Close, David M and Pavanello, Michele},
  journal={The Journal of Physical Chemistry B},
  volume={117},
  number={45},
  pages={13967--13974},
  year={2013},
  publisher={ACS Publications}
}
@article{pavanello2011modelling,
  title={Modelling charge transfer reactions with the frozen density embedding formalism},
  author={Pavanello, Michele and Neugebauer, Johannes},
  journal={The Journal of chemical physics},
  volume={135},
  number={23},
  pages={234103},
  year={2011},
  publisher={American Institute of Physics}
}
@incollection{ramos2016critical,
  title={A critical look at methods for calculating charge transfer couplings fast and accurately},
  author={Ramos, Pablo and Mankarious, Marc and Pavanello, Michele},
  booktitle={Practical Aspects of Computational Chemistry IV},
  pages={103--134},
  year={2016},
  publisher={Springer}
}
@article{solovyeva2012spin,
  title={Spin densities from subsystem density-functional theory: Assessment and application to a photosynthetic reaction center complex model},
  author={Solovyeva, Alisa and Pavanello, Michele and Neugebauer, Johannes},
  journal={The Journal of Chemical Physics},
  volume={136},
  number={19},
  pages={05B614},
  year={2012},
  publisher={American Institute of Physics}
}
@article{hertwig1997parameterization,
  title={On the parameterization of the local correlation functional. What is Becke-3-LYP?},
  author={Hertwig, Roland H and Koch, Wolfram},
  journal={Chemical Physics Letters},
  volume={268},
  number={5-6},
  pages={345--351},
  year={1997},
  publisher={Elsevier}
}
@article{yu2013intermolecular,
  title={Intermolecular interactions of formic acid with benzene: Energy decomposition analyses with ab initio MP2 and double-hybrid density functional computations},
  author={Yu, Feng},
  journal={International Journal of Quantum Chemistry},
  volume={113},
  number={21},
  pages={2355--2360},
  year={2013},
  publisher={Wiley Online Library}
}
@article{yu2014double,
  title={Double-hybrid density functionals free of dispersion and counterpoise corrections for non-covalent interactions},
  author={Yu, Feng},
  journal={The Journal of Physical Chemistry A},
  volume={118},
  number={17},
  pages={3175--3182},
  year={2014},
  publisher={ACS Publications}
}
@article{kozuch2010dsd,
  title={DSD-BLYP: A general purpose double hybrid density functional including spin component scaling and dispersion correction},
  author={Kozuch, Sebastian and Gruzman, David and Martin, Jan ML},
  journal={The Journal of Physical Chemistry C},
  volume={114},
  number={48},
  pages={20801--20808},
  year={2010},
  publisher={ACS Publications}
}
@article{schipper2000molecular,
  title={Molecular calculations of excitation energies and (hyper) polarizabilities with a statistical average of orbital model exchange-correlation potentials},
  author={Schipper, Pieter RT and Gritsenko, Oleg V and van Gisbergen, Stan JA and Baerends, Evert J},
  journal={The Journal of Chemical Physics},
  volume={112},
  number={3},
  pages={1344--1352},
  year={2000},
  publisher={American Institute of Physics}
}
@article{gritsenko1999approximation,
  title={Approximation of the exchange-correlation Kohn--Sham potential with a statistical average of different orbital model potentials},
  author={Gritsenko, OV and Schipper, PRT and Baerends, EJ},
  journal={Chemical physics letters},
  volume={302},
  number={3-4},
  pages={199--207},
  year={1999},
  publisher={Elsevier}
}
@article{head1988mp2,
  title={MP2 energy evaluation by direct methods},
  author={Head-Gordon, Martin and Pople, John A and Frisch, Michael J},
  journal={Chemical physics letters},
  volume={153},
  number={6},
  pages={503--506},
  year={1988},
  publisher={Elsevier}
}
@article{marshall1961unrestricted,
  title={The Unrestricted Hartree-Fock Method},
  author={Marshall, W},
  journal={Proceedings of the Physical Society},
  volume={78},
  number={1},
  pages={113},
  year={1961},
  publisher={IOP Publishing}
}
@misc{waskom2017c,
  title={C., Lee, A., and Qalieh, A.: Mwaskom/Seaborn: V0. 8.0 (July 2017)},
  author={Waskom, M and Botvinnik, O and O'Kane, D and Hobson, P and Lukauskas, S and Gemperline, DC and Augspurger, T and Halchenko, Y and Cole, JB and Warmenhoven, J and others},
  year={2017}
}
@article{srivastava1987theory,
  title={The theory of the cohesive energies of solids},
  author={Srivastava, GP and Weaire, D},
  journal={Advances in Physics},
  volume={36},
  number={4},
  pages={463--517},
  year={1987},
  publisher={Taylor \& Francis}
}
@misc{nist2015nist,
  title={NIST Chemistry WebBook, SRD 69},
  author={NIST, Allo-Aromadendrene},
  year={2015},
  publisher={National Institute of Standards and Technology Gaithersburg, MD, USA}
}
@article{chong2002interpretation,
  title={Interpretation of the Kohn--Sham orbital energies as approximate vertical ionization potentials},
  author={Chong, Delano P and Gritsenko, Oleg V and Baerends, Evert J},
  journal={The Journal of Chemical Physics},
  volume={116},
  number={5},
  pages={1760--1772},
  year={2002},
  publisher={American Institute of Physics}
}
@article{van2014physical,
  title={Physical meaning of virtual Kohn--Sham orbitals and orbital energies: an ideal basis for the description of molecular excitations},
  author={Van Meer, R and Gritsenko, OV and Baerends, EJ},
  journal={Journal of chemical theory and computation},
  volume={10},
  number={10},
  pages={4432--4441},
  year={2014},
  publisher={ACS Publications}
}
@article{del2012second,
  title={Second-order M{\o}ller--Plesset perturbation theory in the condensed phase: An efficient and massively parallel Gaussian and plane waves approach},
  author={Del Ben, Mauro and Hutter, Jurg and VandeVondele, Joost},
  journal={Journal of chemical theory and computation},
  volume={8},
  number={11},
  pages={4177--4188},
  year={2012},
  publisher={ACS Publications}
}
@article{blase2016erratum,
  title={Erratum:``GW and Bethe-Salpeter study of small water clusters''J. Chem. Phys. 144, 034109 (2016)]},
  author={Blase, Xavier and Boulanger, Paul and Bruneval, Fabien and Fernandez-Serra, Marivi and Duchemin, Ivan},
  journal={The Journal of chemical physics},
  volume={145},
  number={16},
  pages={169901},
  year={2016},
  publisher={AIP Publishing LLC}
}
@article{hermann2008resolving,
  title={Resolving the optical spectrum of water: Coordination and electrostatic effects},
  author={Hermann, A and Schmidt, WG and Schwerdtfeger, P},
  journal={Physical review letters},
  volume={100},
  number={20},
  pages={207403},
  year={2008},
  publisher={APS}
}
@article{hahn2005optical,
  title={Optical absorption of water: Coulomb effects versus hydrogen bonding},
  author={Hahn, PH and Schmidt, WG and Seino, K and Preuss, M and Bechstedt, F and Bernholc, J},
  journal={Physical review letters},
  volume={94},
  number={3},
  pages={037404},
  year={2005},
  publisher={APS}
}
@article{fink2016does,
  title={Why does MP2 work?},
  author={Fink, Reinhold F},
  journal={The Journal of chemical physics},
  volume={145},
  number={18},
  pages={184101},
  year={2016},
  publisher={AIP Publishing LLC}
}
@article{delahay1981chem,
  title={Chem. Phys. Lett.},
  author={Delahay, P and Burg, KV and Dziedzic, A},
  year={1981}
}
@article{perry2020ionization,
  title={Ionization Energy of Liquid Water Revisited},
  author={Perry, Conaill F and Zhang, Pengju and Nunes, Fernanda B and Jordan, Inga and von Conta, Aaron and Worner, Hans Jakob},
  journal={The Journal of Physical Chemistry Letters},
  volume={11},
  number={5},
  pages={1789--1794},
  year={2020},
  publisher={ACS Publications}
}
@article{pham2017electronic,
  title={Electronic structure of aqueous solutions: Bridging the gap between theory and experiments},
  author={Pham, Tuan Anh and Govoni, Marco and Seidel, Robert and Bradforth, Stephen E and Schwegler, Eric and Galli, Giulia},
  journal={Science advances},
  volume={3},
  number={6},
  pages={e1603210},
  year={2017},
  publisher={American Association for the Advancement of Science}
}
@article{winter2004full,
  title={Full valence band photoemission from liquid water using EUV synchrotron radiation},
  author={Winter, B and Weber, R and Widdra, W and Dittmar, M and Faubel, M and Hertel, IV},
  journal={The Journal of Physical Chemistry A},
  volume={108},
  number={14},
  pages={2625--2632},
  year={2004},
  publisher={ACS Publications}
}
@article{kurahashi2014photoelectron,
  title={Photoelectron spectroscopy of aqueous solutions: Streaming potentials of NaX (X= Cl, Br, and I) solutions and electron binding energies of liquid water and X-},
  author={Kurahashi, Naoya and Karashima, Shutaro and Tang, Ying and Horio, Takuya and Abulimiti, Bumaliya and Suzuki, Yoshi-Ichi and Ogi, Yoshihiro and Oura, Masaki and Suzuki, Toshinori},
  journal={The Journal of chemical physics},
  volume={140},
  number={17},
  pages={174506},
  year={2014},
  publisher={American Institute of Physics}
}
@article{lowdin1963studies,
	title={Studies in perturbation theory: Part I. An elementary iteration-variation procedure for solving the Schr{\"o}dinger equation by partitioning technique},
	author={L{\"o}wdin, Per-Olov},
	journal={Journal of Molecular Spectroscopy},
	volume={10},
	number={1-6},
	pages={12--33},
	year={1963},
	publisher={Elsevier}
}
@article{ceriotti2013nuclear,
	title={Nuclear quantum effects and hydrogen bond fluctuations in water},
	author={Ceriotti, Michele and Cuny, J{\'e}r{\^o}me and Parrinello, Michele and Manolopoulos, David E},
	journal={Proceedings of the National Academy of Sciences},
	volume={110},
	number={39},
	pages={15591--15596},
	year={2013},
	publisher={National Acad Sciences}
}
@article{credidio2021quantitative,
	title={Quantitative electronic structure and work-function changes of liquid water induced by solute},
	author={Credidio, Bruno and Pugini, Michele and Malerz, Sebastian and Trinter, Florian and Hergenhahn, Uwe and Wilkinson, Iain and Th{\"u}rmer, Stephan and Winter, Bernd},
	journal={Physical Chemistry Chemical Physics},
	year={2021},
	publisher={Royal Society of Chemistry}
}
@article{thurmer2021valence,
	title={Valence Photoelectron Spectra of Liquid Methanol and Ethanol Measured Using He II Radiation},
	author={Thurmer, Stephan and Shinno, Takatoshi and Suzuki, Toshinori},
	journal={The Journal of Physical Chemistry A},
	volume={125},
	number={12},
	pages={2492--2503},
	year={2021},
	publisher={ACS Publications}
}
@article{jacob2014subsystem,
	title={Subsystem density-functional theory},
	author={Jacob, Christoph R and Neugebauer, Johannes},
	journal={Wiley Interdisciplinary Reviews: Computational Molecular Science},
	volume={4},
	number={4},
	pages={325--362},
	year={2014},
	publisher={Wiley Online Library}
}
<<<<<<< HEAD

@article{sDFT,
author = {Jacob, Christoph R. and Neugebauer, Johannes},
title = {Subsystem density-functional theory},
journal = {WIREs Computational Molecular Science},
volume = {4},
number = {4},
pages = {325-362},
doi = {https://doi.org/10.1002/wcms.1175},
url = {https://wires.onlinelibrary.wiley.com/doi/abs/10.1002/wcms.1175},
eprint = {https://wires.onlinelibrary.wiley.com/doi/pdf/10.1002/wcms.1175},
year = {2014}
}

@article{FaT,
title = {Kohn-Sham equations with constrained electron density: an iterative evaluation of the ground-state electron density of interacting molecules},
journal = {Chemical Physics Letters},
volume = {248},
number = {1},
pages = {71-76},
year = {1996},
issn = {0009-2614},
doi = {https://doi.org/10.1016/0009-2614(95)01281-8},
url = {https://www.sciencedirect.com/science/article/pii/0009261495012818},
author = {Tomasz Adam Wesolowski and Jacques Weber}
}


@misc{qepy,
	author = {Xuecheng Shao and Oliviero Andreussi and Davide Ceresoli and Matthew Truscott 
		and Andrew Baczewski and Quinn Campbell and Michele Pavanello},
	title = {QEpy: Quantum ESPRESSO in Python},
	note = {https://gitlab.com/shaoxc/qepy},
	url = {https://gitlab.com/shaoxc/qepy}
	}
	
	
@article{qe,
  author={P Giannozzi and O Andreussi and T Brumme and O Bunau and M Buongiorno Nardelli
	and M Calandra and R Car and C Cavazzoni and D Ceresoli and M Cococcioni and N Colonna
	and I Carnimeo and A Dal Corso and S de Gironcoli and P Delugas and R A DiStasio Jr and A Ferretti
	and A Floris and G Fratesi and G Fugallo and R Gebauer and U Gerstmann and F Giustino and T Gorni
	and J Jia and M Kawamura and H-Y Ko and A Kokalj and E Kucukbenli and M Lazzeri and M Marsili
	and N Marzari and F Mauri and N L Nguyen and H-V Nguyen and A Otero-de-la-Roza and L Paulatto
	and S Ponce and  D Rocca and R Sabatini and B Santra and M Schlipf and A P Seitsonen
	and A Smogunov and I Timrov and T Thonhauser and P Umari and N Vast and X Wu and S Baroni},
  title={Advanced capabilities for materials modelling with QUANTUM ESPRESSO},
  journal={Journal of Physics: Condensed Matter},
  volume={29},
  number={46},
  pages={465901},
  url={http://stacks.iop.org/0953-8984/29/i=46/a=465901},
  year={2017},
}


@misc{edftpy,
	author = {Xuecheng Shao and Michele Pavanello},
	note = {https://gitlab.com/pavanello-research-group/eDFTpy},
	url = {https://gitlab.com/pavanello-research-group/eDFTpy}
	}

=======
@article{thurmer2021accurate,
	title={Accurate Vertical Ionization Energy and Work Function Determinations of Liquid Water and Aqueous Solutions},
	author={Th{\"u}rmer, Stephan and Malerz, Sebastian and Trinter, Florian and Hergenhahn, Uwe and Lee, Chin and Neumark, Daniel M and Meijer, Gerard and Winter, Bernd and Wilkinson, Iain},
	journal={arXiv preprint arXiv:2104.01630},
	year={2021}
}

@article{doi:PavanelloWaterExc2017,
author = {P., Sudheer Kumar and Genova, Alessandro and Pavanello, Michele},
title = {Cooperation and Environment Characterize the Low-Lying Optical Spectrum of Liquid Water},
journal = {The Journal of Physical Chemistry Letters},
volume = {8},
number = {20},
pages = {5077-5083},
year = {2017},
doi = {10.1021/acs.jpclett.7b02212},
    note ={PMID: 28968128},

URL = { 
        https://doi.org/10.1021/acs.jpclett.7b02212
    
},
eprint = { 
        https://doi.org/10.1021/acs.jpclett.7b02212
    
}

}


@article{RN45,
	author = {Cisneros, Gerardo Andres and Wikfeldt, Kjartan Thor and Ojamae, Lars and Lu, Jibao and Xu, Yao and Torabifard, Hedieh and Bartok, Albert P. and Csanyi, Gabor and Molinero, Valeria and Paesani, Francesco},
	title = {Modeling Molecular Interactions in Water: From Pairwise to Many-Body Potential Energy Functions},
	journal = {Chemical reviews},
	volume = {116},
	number = {13},
	pages = {7501-7528},
	DOI = {10.1021/acs.chemrev.5b00644},
	year = {2016}
}

@article{RN43,
	author = {de Almeida, James Moraes and Nguyen, Ngoc Linh and Colonna, Nicola and Chen, Wei and Rodrigues Miranda, Caetano and Pasquarello, Alfredo and Marzari, Nicola},
	title = {Electronic Structure of Water from Koopmans-Compliant Functionals},
	journal = {Journal of chemical theory and computation},
	volume = {17},
	number = {7},
	pages = {3923-3930},
	DOI = {10.1021/acs.jctc.1c00063},
	year = {2021},
	type = {Journal Article}
}

@article{RN46,
	author = {Demerdash, Omar and Yap, Eng-Hui and Head-Gordon, Teresa},
	
	title = {Advanced potential energy surfaces for condensed phase simulation},
	
	journal = {Annual review of physical chemistry},
	
	volume = {65},
	
	number = {1},
	
	pages = {149-174},
	
	ISSN = {0066-426X},
	
	DOI = {10.1146/annurev-physchem-040412-110040},
	
	year = {2014},
	
	type = {Journal Article}
}

@article{RN48,
	
	author = {Genova, Alessandro and Ceresoli, Davide and Krishtal, Alisa and Andreussi, Oliviero and DiStasio, Robert A. and Pavanello, Michele},
	
	title = {eQE: An open-source density functional embedding theory code for the condensed phase},
	
	journal = {International journal of quantum chemistry},
	
	volume = {117},
	
	number = {16},
	
	pages = {n/a},
	
	note = {Funding information},
	
	ISSN = {0020-7608},
	
	DOI = {10.1002/qua.25401},
	
	year = {2017},
	
	type = {Journal Article}
	
}

@article{RN49,
	
	author = {Giese, Timothy J. and York, Darrin M.},
	
	title = {Quantum mechanical force fields for condensed phase molecular simulations},
	
	journal = {Journal of physics. Condensed matter},
	
	volume = {29},
	
	number = {38},
	
	pages = {383002-383002},
	
	note = {JPCM-108860.R3},
	
	abstract = {Molecular simulations are powerful tools for providing atomic-level details into complex chemical and physical processes that occur in the condensed phase. For strongly interacting systems where quantum many-body effects are known to play an important role, density-functional methods are often used to provide the model with the potential energy used to drive dynamics. These methods, however, suffer from two major drawbacks. First, they are often too computationally intensive to practically apply to large systems over long time scales, limiting their scope of application. Second, there remain challenges for these models to obtain the necessary level of accuracy for weak non-bonded interactions to obtain quantitative accuracy for a wide range of condensed phase properties. Quantum mechanical force fields (QMFFs) provide a potential solution to both of these limitations. In this review, we address recent advances in the development of QMFFs for condensed phase simulations. In particular, we examine the development of QMFF models using both approximate and ab initio density-functional models, the treatment of short-ranged non-bonded and long-ranged electrostatic interactions, and stability issues in molecular dynamics calculations. Example calculations are provided for crystalline systems, liquid water, and ionic liquids. We conclude with a perspective for emerging challenges and future research directions.},
	
	ISSN = {0953-8984},
	
	DOI = {10.1088/1361-648X/aa7c5c},
	
	year = {2017},
	
	type = {Journal Article}
	
}

@article{RN47,
	
	author = {Li, Wei and Dong, Hao and Ma, Jing and Li, Shuhua},
	
	title = {Structures and Spectroscopic Properties of Large Molecules and Condensed-Phase Systems Predicted by Generalized Energy-Based Fragmentation Approach},
	
	journal = {Accounts of chemical research},
	
	volume = {54},
	
	number = {1},
	
	pages = {169-181},
	
	abstract = {CONSPECTUS: The structures and spectroscopic properties of molecules and condensed-phase systems are usually experimentally characterized by X-ray, infrared (IR), Raman, nuclear magnetic resonance (NMR), and electronic absorption/emission spectra. Quantum mechanics (QM) calculations are critical in quantitatively understanding the relationship between the structure and physicochemical properties of various chemical systems. However, it is very challenging to apply traditional QM methods to large molecules and condensed-phase systems with large unit cells due to their steep computational scaling with the system size. To overcome this difficulty, theoretical chemists have developed various linear (or low) scaling QM methods, among which energy-based fragmentation methods have achieved great success for large molecules or clusters. One of the most popular energy-based fragmentation methods is the generalized energy-based fragmentation (GEBF) approach developed by us. In this approach, the ground-state energy of a large molecule can be evaluated from the ground-state energies of a series of embedded subsystems. In this Account, we focus on the recent developments and applicability of the GEBF approach for the structures and spectroscopic properties of complicated large molecules and condensed-phase systems. With new fragmentation schemes, the GEBF approach can now describe ionic liquid clusters and metal-containing supramolecular systems accurately and can provide accurate binding energies for host-guest complexes. In addition, the GEBF approach is now available for describing the localized excited states of large systems including a chromophore. More importantly, the GEBF approach under periodic boundary conditions (PBC-GEBF) has been developed to deal with periodic molecular crystals and liquids. Then, the ground-state energy (or property) per unit cell of a periodic condensed phase system can be predicted with QM calculations on nonperiodic embedded subsystems. This feature enables accurate electron correlation calculations on molecular crystals and liquids to be feasible on ordinary workstations. The PBC-GEBF approach has been applied to predict the crystal structures, lattice energies, and spectroscopic properties of some typical molecular crystals and solutions. By combining the GEBF method and machine learning (ML) method, a GEBF-ML force field has been developed for long normal alkanes, and the IR spectra of long alkanes can be obtained from the GEBF-ML molecular dynamics (MD) simulations. The GEBF and its periodic variant are expected to play increasingly important roles in investigating real-life chemical systems of broad interests at the ab initio levels.},
	
	ISSN = {0001-4842},
	
	DOI = {10.1021/acs.accounts.0c00580},
	
	year = {2021},
	
	type = {Journal Article}
	
}
@article{schrodinger1926undulatory,
	title={An undulatory theory of the mechanics of atoms and molecules},
	author={Schr{\"o}dinger, Erwin},
	journal={Physical review},
	volume={28},
	number={6},
	pages={1049},
	year={1926},
	publisher={APS}
}
@inproceedings{thomas1927calculation,
	title={The calculation of atomic fields},
	author={Thomas, Llewellyn H},
	booktitle={Mathematical proceedings of the Cambridge philosophical society},
	volume={23},
	number={5},
	pages={542--548},
	year={1927},
	organization={Cambridge University Press}
}
@article{fermi1927statistical,
	title={Statistical method to determine some properties of atoms},
	author={Fermi, Enrico},
	journal={Rend. Accad. Naz. Lincei},
	volume={6},
	number={602-607},
	pages={5},
	year={1927}
}
@article{hogenberg,
	title = {Inhomogeneous Electron Gas},
	author = {Hohenberg, P. and Kohn, W.},
	journal = {Phys. Rev.},
	volume = {136},
	issue = {3B},
	pages = {B864--B871},
	numpages = {0},
	year = {1964},
	month = {Nov},
	publisher = {American Physical Society},
	doi = {10.1103/PhysRev.136.B864},
	url = {https://link.aps.org/doi/10.1103/PhysRev.136.B864}
}
@article{kohn,
	title = {Self-Consistent Equations Including Exchange and Correlation Effects},
	author = {Kohn, W. and Sham, L. J.},
	journal = {Phys. Rev.},
	volume = {140},
	issue = {4A},
	pages = {A1133--A1138},
	numpages = {0},
	year = {1965},
	month = {Nov},
	publisher = {American Physical Society},
	doi = {10.1103/PhysRev.140.A1133},
	url = {https://link.aps.org/doi/10.1103/PhysRev.140.A1133}
}
@article{mi2021eqe,
	title={eQE 2.0: Subsystem DFT Beyond GGA Functionals},
	author={Mi, Wenhui and Shao, Xuecheng and Genova, Alessandro and Ceresoli, Davide and Pavanello, Michele},
	journal={arXiv preprint arXiv:2103.07556},
	year={2021}
}
@article{mi2019nonlocal,
	title={Nonlocal Subsystem Density Functional Theory},
	author={Mi, Wenhui and Pavanello, Michele},
	journal={The journal of physical chemistry letters},
	volume={11},
	number={1},
	pages={272--279},
	year={2019},
	publisher={ACS Publications}
}
@article{mi2019ab,
	title={Ab Initio Structure and Dynamics of CO2 at Supercritical Conditions},
	author={Mi, Wenhui and Ramos, Pablo and Maranhao, Jack and Pavanello, Michele},
	journal={The journal of physical chemistry letters},
	volume={10},
	number={24},
	pages={7554--7559},
	year={2019},
	publisher={ACS Publications}
}
@article{schmitt2020frozen,
	title={Frozen-density embedding-based many-body expansions},
	author={Schmitt-Monreal, Daniel and Jacob, Christoph R},
	journal={International Journal of Quantum Chemistry},
	volume={120},
	number={21},
	pages={e26228},
	year={2020},
	publisher={Wiley Online Library}
}
@article{hutter2014cp2k,
	title={cp2k: atomistic simulations of condensed matter systems},
	author={Hutter, J{\"u}rg and Iannuzzi, Marcella and Schiffmann, Florian and VandeVondele, Joost},
	journal={Wiley Interdisciplinary Reviews: Computational Molecular Science},
	volume={4},
	number={1},
	pages={15--25},
	year={2014},
	publisher={Wiley Online Library}
}
@article{krishtal2015subsystem,
	title={Subsystem density-functional theory as an effective tool for modeling ground and excited states, their dynamics and many-body interactions},
	author={Krishtal, Alisa and Sinha, Debalina and Genova, Alessandro and Pavanello, Michele},
	journal={Journal of Physics: Condensed Matter},
	volume={27},
	number={18},
	pages={183202},
	year={2015},
	publisher={IOP Publishing}
}
@incollection{parr1980density,
	title={Density functional theory of atoms and molecules},
	author={Parr, Robert G},
	booktitle={Horizons of quantum chemistry},
	pages={5--15},
	year={1980},
	publisher={Springer}
}
@incollection{wesolowski2007hohenberg,
	title={Hohenberg-Kohn-Sham density functional theory},
	author={Weso{\l}owski, Tomasz A},
	booktitle={Molecular Materials with Specific Interactions--Modeling and Design},
	pages={153--201},
	year={2007},
	publisher={Springer}
}
@article{wesolowski1993frozen,
	title={Frozen density functional approach for ab initio calculations of solvated molecules},
	author={Wesolowski, Tomasz Adam and Warshel, Arieh},
	journal={The Journal of Physical Chemistry},
	volume={97},
	number={30},
	pages={8050--8053},
	year={1993},
	publisher={ACS Publications}
}
@article{wesolowski2006one,
	title={One-electron equations for embedded electron density: Challenge for theory and practical payoffs in multi-level modelling of complex polyatomic systems},
	author={Weso{\l}owski, Tomasz A},
	journal={Computational chemistry: reviews of current trends},
	pages={1--82},
	year={2006},
	publisher={World Scientific}
}
@article{ciofini2005self,
	title={Self-interaction error in density functional theory: a mean-field correction for molecules and large systems},
	author={Ciofini, Ilaria and Adamo, Carlo and Chermette, Henry},
	journal={Chemical physics},
	volume={309},
	number={1},
	pages={67--76},
	year={2005},
	publisher={Elsevier}
}
@article{bao2018self,
	title={Self-interaction error in density functional theory: An appraisal},
	author={Bao, Junwei Lucas and Gagliardi, Laura and Truhlar, Donald G},
	journal={The journal of physical chemistry letters},
	volume={9},
	number={9},
	pages={2353--2358},
	year={2018},
	publisher={ACS Publications}
}
@article{duan2000ewald,
	title={An Ewald summation based multipole method},
	author={Duan, Zhong-Hui and Krasny, Robert},
	journal={The Journal of Chemical Physics},
	volume={113},
	number={9},
	pages={3492--3495},
	year={2000},
	publisher={American Institute of Physics}
}
@book{ullrich2012time,
	title={Time-dependent density-functional theory: concepts and applications},
	author={Ullrich, Carsten},
	year={2012},
	publisher={Oxford University Press}
}
@article{mattsson2004designing,
	title={Designing meaningful density functional theory calculations in materials science-a primer},
	author={Mattsson, Ann E and Schultz, Peter A and Desjarlais, Michael P and Mattsson, Thomas R and Leung, Kevin},
	journal={Modelling and Simulation in Materials Science and Engineering},
	volume={13},
	number={1},
	pages={R1},
	year={2004},
	publisher={IOP Publishing}
}
@article{levy1979universal,
	title={Universal variational functionals of electron densities, first-order density matrices, and natural spin-orbitals and solution of the v-representability problem},
	author={Levy, Mel},
	journal={Proceedings of the National Academy of Sciences},
	volume={76},
	number={12},
	pages={6062--6065},
	year={1979},
	publisher={National Acad Sciences}
}
@article{lieb1983,
	author = {Lieb, Elliott H.},
	title = {Density functionals for coulomb systems},
	journal = {International Journal of Quantum Chemistry},
	volume = {24},
	number = {3},
	pages = {243-277},
	doi = {https://doi.org/10.1002/qua.560240302},
	url = {https://onlinelibrary.wiley.com/doi/abs/10.1002/qua.560240302},
	eprint = {https://onlinelibrary.wiley.com/doi/pdf/10.1002/qua.560240302},
	year = {1983}
}
@article{xia2015single,
	title={Single-point kinetic energy density functionals: A pointwise kinetic energy density analysis and numerical convergence investigation},
	author={Xia, Junchao and Carter, Emily A},
	journal={Physical Review B},
	volume={91},
	number={4},
	pages={045124},
	year={2015},
	publisher={APS}
}
@article{huang2011quantum,
	title={Quantum mechanical embedding theory based on a unique embedding potential},
	author={Huang, Chen and Pavone, Michele and Carter, Emily A},
	journal={The Journal of chemical physics},
	volume={134},
	number={15},
	pages={154110},
	year={2011},
	publisher={American Institute of Physics}
}
@article{fux2010accurate,
	title={Accurate frozen-density embedding potentials as a first step towards a subsystem description of covalent bonds},
	author={Fux, Samuel and Jacob, Christoph R and Neugebauer, Johannes and Visscher, Lucas and Reiher, Markus},
	journal={The Journal of chemical physics},
	volume={132},
	number={16},
	pages={164101},
	year={2010},
	publisher={American Institute of Physics}
}
@article{de2021environment,
	title={Environment effects on X-ray absorption spectra with quantum embedded real-time Time-dependent density functional theory approaches},
	author={De Santis, Matteo and Vallet, Val{\'e}rie and Gomes, Andr{\'e} Severo Pereira},
	journal={arXiv preprint arXiv:2111.13947},
	year={2021}
}
@article{ding2017embedded,
	title={Embedded mean-field theory with block-orthogonalized partitioning},
	author={Ding, Feizhi and Manby, Frederick R and Miller III, Thomas F},
	journal={Journal of chemical theory and computation},
	volume={13},
	number={4},
	pages={1605--1615},
	year={2017},
	publisher={ACS Publications}
}
@article{koh2017accelerating,
	title={Accelerating realtime TDDFT with block-orthogonalized Manby--Miller embedding theory},
	author={Koh, Kevin J and Nguyen-Beck, Triet S and Parkhill, John},
	journal={Journal of chemical theory and computation},
	volume={13},
	number={9},
	pages={4173--4178},
	year={2017},
	publisher={ACS Publications}
}
@article{fransson2016x,
	title={X-ray and electron spectroscopy of water},
	author={Fransson, Thomas and Harada, Yoshihisa and Kosugi, Nobuhiro and Besley, Nicholas A and Winter, Bernd and Rehr, John J and Pettersson, Lars GM and Nilsson, Anders},
	journal={Chemical reviews},
	volume={116},
	number={13},
	pages={7551--7569},
	year={2016},
	publisher={ACS Publications}
}
@article{rehr2005progress,
	title={Progress in the theory and interpretation of XANES},
	author={Rehr, JJ and Ankudinov, AL},
	journal={Coordination Chemistry Reviews},
	volume={249},
	number={1-2},
	pages={131--140},
	year={2005},
	publisher={Elsevier}
}
@article{koningsberger1987x,
	title={X-ray absorption: principles, applications, techniques of EXAFS, SEXAFS and XANES},
	author={Koningsberger, Diek C and Prins, Roelof},
	year={1987},
	publisher={John Wiley and Sons Inc., New York, NY}
}
@article{triguero1998calculations,
	title={Calculations of near-edge x-ray-absorption spectra of gas-phase and chemisorbed molecules by means of density-functional and transition-potential theory},
	author={Triguero, L and Pettersson, LGM and {\AA}gren, H},
	journal={Physical Review B},
	volume={58},
	number={12},
	pages={8097},
	year={1998},
	publisher={APS}
}
@article{davidson197514,
	title={ Iterative Calculation of a Few of the Lowest
	Eigenvalues and Corresponding Eigenvectors of Large Real-Symmetric
	Matrices.},
	author={Davidson, E. R.},
	journal={Journal of Computational Physics},
	volume={17},
	pages={87--94},
	year={1975}
}
@article{prendergast2006x,
	title={X-ray absorption spectra of water from first principles calculations},
	author={Prendergast, David and Galli, Giulia},
	journal={Physical review letters},
	volume={96},
	number={21},
	pages={215502},
	year={2006},
	publisher={APS}
}
@article{vinson2012theoretical,
	title={Theoretical optical and x-ray spectra of liquid and solid H 2 O},
	author={Vinson, J and Kas, Joshua J and Vila, FD and Rehr, JJ and Shirley, EL},
	journal={Physical Review B},
	volume={85},
	number={4},
	pages={045101},
	year={2012},
	publisher={APS}
}
@article{chen2010x,
	title={X-ray absorption signatures of the molecular environment in water and ice},
	author={Chen, Wei and Wu, Xifan and Car, Roberto},
	journal={Physical review letters},
	volume={105},
	number={1},
	pages={017802},
	year={2010},
	publisher={APS}
}
@article{list2014lanczos,
	title={Lanczos-driven coupled--cluster damped linear response theory for molecules in polarizable environments},
	author={List, Nanna Holmgaard and Coriani, Sonia and Kongsted, Jacob and Christiansen, Ove},
	journal={The Journal of chemical physics},
	volume={141},
	number={24},
	pages={244107},
	year={2014},
	publisher={AIP Publishing LLC}
}
@article{smith2020psi4,
	title={PSI4 1.4: Open-source software for high-throughput quantum chemistry},
	author={Smith, Daniel GA and Burns, Lori A and Simmonett, Andrew C and Parrish, Robert M and Schieber, Matthew C and Galvelis, Raimondas and Kraus, Peter and Kruse, Holger and Di Remigio, Roberto and Alenaizan, Asem and others},
	journal={The Journal of chemical physics},
	volume={152},
	number={18},
	pages={184108},
	year={2020},
	publisher={AIP Publishing LLC}
}
@article{marenich2014computational,
	title={Computational electrochemistry: prediction of liquid-phase reduction potentials},
	author={Marenich, Aleksandr V and Ho, Junming and Coote, Michelle L and Cramer, Christopher J and Truhlar, Donald G},
	journal={Physical Chemistry Chemical Physics},
	volume={16},
	number={29},
	pages={15068--15106},
	year={2014},
	publisher={Royal Society of Chemistry}
}

@article{reuther1996primary,
	title={Primary photochemical processes in water},
	author={Reuther, A and Laubereau, A and Nikogosyan, DN},
	journal={The Journal of Physical Chemistry},
	volume={100},
	number={42},
	pages={16794--16800},
	year={1996},
	publisher={ACS Publications}
}
@article{hu2021photochemical,
	title={Photochemical vapor generation of halides in organic-acid-free media: Mechanism study and analysis of water samples},
	author={Hu, Jing and Chen, Hanjiao and Jiang, Xiaoming and Hou, Xiandeng},
	journal={Analytical Chemistry},
	volume={93},
	number={32},
	pages={11151--11158},
	year={2021},
	publisher={ACS Publications}
}
@mics{couto2007understanding,
	note={PhD Thesis: Understanding electronic properties of water: a theoretical approach to the calculation of the adiabatic band gap of liquid water},
	author={{Cabral do Couto}, Paulo},
	year={2007}
}
@article{reimann2021two,
	title={Two-dimensional terahertz spectroscopy of condensed-phase molecular systems},
	author={Reimann, Klaus and Woerner, Michael and Elsaesser, Thomas},
	journal={The Journal of Chemical Physics},
	volume={154},
	number={12},
	pages={120901},
	year={2021},
	publisher={AIP Publishing LLC}
}
@article{ambrosio2016structural,
	title={Structural, dynamical, and electronic properties of liquid water: A hybrid functional study},
	author={Ambrosio, Francesco and Miceli, Giacomo and Pasquarello, Alfredo},
	journal={The Journal of Physical Chemistry B},
	volume={120},
	number={30},
	pages={7456--7470},
	year={2016},
	publisher={ACS Publications}
}
@article{ozaki2021advances,
	title={Advances, challenges and perspectives of quantum chemical approaches in molecular spectroscopy of the condensed phase},
	author={Ozaki, Yukihiro and Be{\'c}, Krzysztof B and Morisawa, Yusuke and Yamamoto, Shigeki and Tanabe, Ichiro and Huck, Christian W and Hofer, Thomas S},
	journal={Chemical Society Reviews},
	volume={50},
	number={19},
	pages={10917--10954},
	year={2021},
	publisher={Royal Society of Chemistry}
}
@article{malerz2021low,
	title={Low-energy constraints on photoelectron spectra measured from liquid water and aqueous solutions},
	author={Malerz, Sebastian and Trinter, Florian and Hergenhahn, Uwe and Ghrist, Aaron and Ali, Hebatallah and Nicolas, Christophe and Saak, Clara-Magdalena and Richter, Clemens and Hartweg, Sebastian and Nahon, Laurent and others},
	journal={Physical Chemistry Chemical Physics},
	volume={23},
	number={14},
	pages={8246--8260},
	year={2021},
	publisher={Royal Society of Chemistry}
}
@article{bolognesi2021combined,
	title={A combined experimental and theoretical study of photodouble ionization of water at 32 eV excess energy and unequal energy sharing},
	author={Bolognesi, P and Randazzo, JM and Turri, G and Mathis, J and Penson, C and Ancarani, LU and Avaldi, L},
	journal={Journal of Physics B: Atomic, Molecular and Optical Physics},
	volume={54},
	number={3},
	pages={034002},
	year={2021},
	publisher={IOP Publishing}
}
@article{zhang2020isotope,
	title={Isotope effects in x-ray absorption spectra of liquid water},
	author={Zhang, Chunyi and Zhang, Linfeng and Xu, Jianhang and Tang, Fujie and Santra, Biswajit and Wu, Xifan},
	journal={Physical Review B},
	volume={102},
	number={11},
	pages={115155},
	year={2020},
	publisher={APS}
}
@article{smith2020femtosecond,
	title={Femtosecond soft-x-ray absorption spectroscopy of liquids with a water-window high-harmonic source},
	author={Smith, Adam D and Balciunas, Tadas and Chang, Yi-Ping and Schmidt, C{\'e}dric and Zinchenko, Kristina and Nunes, Fernanda B and Rossi, Emanuele and Svoboda, V{\'\i}t and Yin, Zhong and Wolf, Jean-Pierre and others},
	journal={The journal of physical chemistry letters},
	volume={11},
	number={6},
	pages={1981--1988},
	year={2020},
	publisher={ACS Publications}
}
@article{zhovtobriukh2019liquid,
	title={Liquid water structure from X-ray absorption and emission, NMR shielding and X-ray diffraction},
	author={Zhovtobriukh, Iurii and Cabral, Benedito JC and Corsaro, Carmelo and Mallamace, Domenico and Pettersson, Lars GM},
	journal={SCIENCE CHINA Physics, Mechanics \& Astronomy},
	volume={62},
	number={10},
	pages={1--14},
	year={2019},
	publisher={Springer}
}
@article{giannozzi2009quantum,
	title={QUANTUM ESPRESSO: a modular and open-source software project for quantum simulations of materials},
	author={Giannozzi, Paolo and Baroni, Stefano and Bonini, Nicola and Calandra, Matteo and Car, Roberto and Cavazzoni, Carlo and Ceresoli, Davide and Chiarotti, Guido L and Cococcioni, Matteo and Dabo, Ismaila and others},
	journal={Journal of physics: Condensed matter},
	volume={21},
	number={39},
	pages={395502},
	year={2009},
	publisher={IOP Publishing}
}
@article{casida1995recent,
	title={Recent advances in density functional methods},
	author={Casida, Mark E and Chong, DP},
	journal={Computational Chemistry: Reviews of Current Trends},
	year={1995}
}
@article{goings2018real,
	title={Real-time time-dependent electronic structure theory},
	author={Goings, Joshua J and Lestrange, Patrick J and Li, Xiaosong},
	journal={Wiley Interdisciplinary Reviews: Computational Molecular Science},
	volume={8},
	number={1},
	pages={e1341},
	year={2018},
	publisher={Wiley Online Library}
}
@article{de2020pyberthart,
	title={PyBERTHART: A Relativistic Real-Time Four-Component TDDFT Implementation Using Prototyping Techniques Based on Python},
	author={De Santis, Matteo and Storchi, Loriano and Belpassi, Leonardo and Quiney, Harry M and Tarantelli, Francesco},
	journal={Journal of chemical theory and computation},
	volume={16},
	number={4},
	pages={2410--2429},
	year={2020},
	publisher={ACS Publications}
}
@article{smith2018psi4numpy,
	title={Psi4NumPy: An interactive quantum chemistry programming environment for reference implementations and rapid development},
	author={Smith, Daniel GA and Burns, Lori A and Sirianni, Dominic A and Nascimento, Daniel R and Kumar, Ashutosh and James, Andrew M and Schriber, Jeffrey B and Zhang, Tianyuan and Zhang, Boyi and Abbott, Adam S and others},
	journal={Journal of chemical theory and computation},
	volume={14},
	number={7},
	pages={3504--3511},
	year={2018},
	publisher={ACS Publications}
}
@article{smith2020psi4,
	title={PSI4 1.4: Open-source software for high-throughput quantum chemistry},
	author={Smith, Daniel GA and Burns, Lori A and Simmonett, Andrew C and Parrish, Robert M and Schieber, Matthew C and Galvelis, Raimondas and Kraus, Peter and Kruse, Holger and Di Remigio, Roberto and Alenaizan, Asem and others},
	journal={The Journal of chemical physics},
	volume={152},
	number={18},
	pages={184108},
	year={2020},
	publisher={AIP Publishing LLC}
}
@article{bergmann2007nearest,
	title={Nearest-neighbor oxygen distances in liquid water and ice observed by x-ray Raman based extended x-ray absorption fine structure},
	author={Bergmann, Uwe and Di Cicco, Andrea and Wernet, Philippe and Principi, Emiliano and Glatzel, Pieter and Nilsson, Anders},
	journal={The Journal of Chemical Physics},
	volume={127},
	number={17},
	pages={174504},
	year={2007},
	publisher={American Institute of Physics}
}
@article{aziz2008cation,
	title={Cation-specific interactions with carboxylate in amino acid and acetate aqueous solutions: X-ray absorption and ab initio calculations},
	author={Aziz, Emad F and Ottosson, Niklas and Eisebitt, Stefan and Eberhardt, Wolfgang and Jagoda-Cwiklik, Barbara and V{\'a}cha, Robert and Jungwirth, Pavel and Winter, Bernd},
	journal={The journal of physical chemistry B},
	volume={112},
	number={40},
	pages={12567--12570},
	year={2008},
	publisher={ACS Publications}
}
@article{zheng2018enabling,
	title={Enabling liquid solvent structure analysis using hard x-ray absorption spectroscopy with a transferrable microfluidic reactor},
	author={Zheng, Jian and Zhang, Wei and Wang, Feng and Yu, Xiao-Ying},
	journal={Journal of Physics: Condensed Matter},
	volume={30},
	number={18},
	pages={18LT01},
	year={2018},
	publisher={IOP Publishing}
}
@article{zhovtobriukh2019x,
	title={X-ray absorption spectrum simulations of hexagonal ice},
	author={Zhovtobriukh, Iurii and Norman, Patrick and Pettersson, Lars GM},
	journal={The Journal of chemical physics},
	volume={150},
	number={3},
	pages={034501},
	year={2019},
	publisher={AIP Publishing LLC}
}
@article{leetmaa2010theoretical,
	title={Theoretical approximations to X-ray absorption spectroscopy of liquid water and ice},
	author={Leetmaa, Mikael and Ljungberg, MP and Lyubartsev, Alexander and Nilsson, Anders and Pettersson, Lars GM},
	journal={Journal of Electron Spectroscopy and Related Phenomena},
	volume={177},
	number={2-3},
	pages={135--157},
	year={2010},
	publisher={Elsevier}
}
@article{seidel2011valence,
	title={Valence photoemission spectra of aqueous Fe2+/3+ and [Fe (CN) 6] 4--/3--and their interpretation by DFT calculations},
	author={Seidel, Robert and Thurmer, Stephan and Moens, Jan and Geerlings, Paul and Blumberger, Jochen and Winter, Bernd},
	journal={The Journal of Physical Chemistry B},
	volume={115},
	number={40},
	pages={11671--11677},
	year={2011},
	publisher={ACS Publications}
}
@article{uudsemaa2003density,
	title={Density-functional theory calculations of aqueous redox potentials of fourth-period transition metals},
	author={Uudsemaa, Merle and Tamm, Toomas},
	journal={The Journal of Physical Chemistry A},
	volume={107},
	number={46},
	pages={9997--10003},
	year={2003},
	publisher={ACS Publications}
}
@misc{martinez2022ionization,
	title={Ionization of Liquid Water from Charged-cell Periodic Subsystem DFT and Embedded Wavefunction Simulations},
	author={Jessica Martinez and Lucas Paetow and  Johannes Toelle and Andre Gomes and Xuecheng Shao and Johannes Neugebauer and Michele Pavanello},
	note = {in preparation},
    year = {2022}
}
@article{De_Santis_2020,
	doi = {10.1021/acs.jctc.0c00603},
	url = {https://doi.org/10.1021/acs.jctc.0c00603},
	year = 2020,
	month = {jul},
	publisher = {American Chemical Society ({ACS})},
	volume = {16},
	number = {9},
	pages = {5695--5711},
	author = {Matteo De Santis and Leonardo Belpassi and Christoph R. Jacob and Andr{\'{e}} Severo Pereira Gomes and Francesco Tarantelli and Lucas Visscher and Loriano Storchi},
	title = {Environmental Effects with Frozen-Density Embedding in Real-Time Time-Dependent Density Functional Theory Using Localized Basis Functions},
	journal = {Journal of Chemical Theory and Computation}
}
@article{N_slund_2003,
	doi = {10.1021/jp034296h},
	url = {https://doi.org/10.1021/jp034296h},
	year = 2003,
	month = {jul},
	publisher = {American Chemical Society ({ACS})},
	volume = {107},
	number = {35},
	pages = {6869--6876},
	author = {Lars-{\AA}ke Naslund and Matteo Cavalleri and Hirohito Ogasawara and Anders Nilsson and Lars G. M. Pettersson and Philippe Wernet and David C. Edwards and Magnus Sandström and Satish Myneni},
	title = {Direct Evidence of Orbital Mixing between Water and Solvated Transition-Metal Ions:{\hspace{0.167em}} An Oxygen 1s {XAS} and {DFT} Study of Aqueous Systems},
	journal = {The Journal of Physical Chemistry A}
}
@article{Jacob_2011,
	doi = {10.1002/jcc.21810},
	url = {https://doi.org/10.1002/jcc.21810},
	year = 2011,
	month = {may},
	publisher = {Wiley},
	volume = {32},
	number = {10},
	pages = {2328--2338},
	author = {Christoph R. Jacob and S. Maya Beyhan and Rosa E. Bulo and Andr{\'{e}} Severo Pereira Gomes and Andreas W. Gotz and Karin Kiewisch and Jetze Sikkema and Lucas Visscher},
	title = {{PyADF} - A scripting framework for multiscale quantum chemistry},
	journal = {Journal of Computational Chemistry}
}
@article{Duris_2019,
	doi = {10.1038/s41566-019-0549-5},
	url = {https://doi.org/10.1038/s41566-019-0549-5},
	year = 2019,
	month = {dec},
	publisher = {Springer Science and Business Media {LLC}},
	volume = {14},
	number = {1},
	pages = {30--36},
	author = {Joseph Duris and Siqi Li and Taran Driver and Elio G. Champenois and James P. MacArthur and Alberto A. Lutman and Zhen Zhang and Philipp Rosenberger and Jeff W. Aldrich and Ryan Coffee and Giacomo Coslovich and Franz-Josef Decker and James M. Glownia and Gregor Hartmann and Wolfram Helml and Andrei Kamalov and Jonas Knurr and Jacek Krzywinski and Ming-Fu Lin and Jon P. Marangos and Megan Nantel and Adi Natan and Jordan T. O'Neal and Niranjan Shivaram and Peter Walter and Anna Li Wang and James J. Welch and Thomas J. A. Wolf and Joseph Z. Xu and Matthias F. Kling and Philip H. Bucksbaum and Alexander Zholents and Zhirong Huang and James P. Cryan and Agostino Marinelli},
	title = {Tunable isolated attosecond X-ray pulses with gigawatt peak power from a free-electron laser},
	journal = {Nature Photonics}
}
